@INPROCEEDINGS{roth:hpf,
	AUTHOR = "Gerald Roth et al.",
	TITLE = "Compiling Stencils in High Performance Fortran",
	BOOKTITLE = "Proceedings of SC'97",
	ORGANIZATION = "High Performance Networking and Computing",
	YEAR = {1997}	}

@BOOK{dietmar:cs,
	AUTHOR = "Fey Dietmar",
	TITLE = "Grid-Computing: Eine Basistechnologie f{\"u}r Computational Science",
	PUBLISHER = "Springer",
	YEAR = "2010"	}

@ARTICLE{leopold:tbcm,
	AUTHOR = "Claudia Leopold",
	TITLE = "Tight Bounds on Capacity Misses for 3D Stencil Codes",
	JOURNAL = {Computational Science -- ICCS 2002},
	VOLUME = {1},
        NUMBER = {2329},
	PAGES = {843-852},
	MONTH = "April",
	YEAR = {2002}	}

@BOOK{chancaoguo:hpcpi,
	AUTHOR = "Fan Chan, Jiannong Cao, Minyi Guo",
	TITLE = "High-Performance Computing -- Paradigm and Infrastructure",
	PUBLISHER = "Wiley Interscience",
	YEAR = "2005"	}

@ARTICLE{lamport:cs,
	AUTHOR = "Leslie Lamport",
	TITLE = "Composing Specifications",
	JOURNAL = {ACM Transactions on Programming Languages and Systems},
	VOLUME = {1},
        NUMBER = {5},
	PAGES = {73-132},
	YEAR = {1993}	}

@BOOK{grossman:ntpde,
	AUTHOR = "Christian Grossmann, Hans-G. Roos, Martin Stynes",
	TITLE = "Numerical Treatment of Partial Differential Equations",
	PUBLISHER = "Springer Science and Business Media",
	YEAR = "2007"	}

@BOOK{ieee:ieee754,
	AUTHOR = "International Organization for Standardization (ISO) and the Institute of Electrical and Electronics Engineers (IEEE)",
	TITLE = "IEEE Standard for Floating-Point Arithmetic (IEEE 754) -- ISO/IEC/IEEE 60559:2011",
	PUBLISHER = "International Organization for Standardization (ISO) and the Institute of Electrical and Electronics Engineers (IEEE)",
	YEAR = "2011"	}

@ARTICLE{cn:he,
	AUTHOR = "J. Crank, P. Nicolson",
	TITLE = "A Practical Method for Numerical Evaluation of Solutions of Partial Differential Equations of the Heat-Conduction Type",
	JOURNAL = {Proceedings of the Cambridge Philosophical Society},
	VOLUME = {43},
        NUMBER = {1},
	PAGES = {50-67},
	YEAR = {1947}	}

@article{gw:eftb,
author = {Gerhard Wellein and Georg Hager and Thomas Zeiser and Markus Wittmann and Holger Fehske},
title = {Efficient Temporal Blocking for Stencil Computations by Multicore-Aware Wavefront Parallelization},
journal ={2014 IEEE 38th Annual Computer Software and Applications Conference},
volume = {1},
issn = {0730-3157},
year = {2009},
pages = {579-586},
publisher = {IEEE Computer Society},
address = {Los Alamitos, CA, USA},
}

@inproceedings{gysi:modesto,
  author={T. Gysi and T. Grosser and T. Hoefler},
  title={{MODESTO: Data-centric Analytic Optimization of Complex Stencil Programs on Heterogeneous Architectures}},
  year={2015},
  month={Jun.},
  pages={177--186},
  booktitle={Proceedings of the 29th International Conference on Supercomputing (ICS'15)},
  location={Newport Beach, CA, USA},
  publisher={ACM},
  isbn={978-1-4503-3559-1},
  source={http://www.unixer.de/~htor/publications/},
}

@article{bondhugula:pluto,
 author = {Bondhugula, Uday and Hartono, Albert and Ramanujam, J. and Sadayappan, P.},
 title = {A Practical Automatic Polyhedral Parallelizer and Locality Optimizer},
 journal = {SIGPLAN Not.},
 issue_date = {June 2008},
 volume = {43},
 number = {6},
 month = jun,
 year = {2008},
 issn = {0362-1340},
 pages = {101--113},
 numpages = {13},
 publisher = {ACM},
 address = {New York, NY, USA},
 keywords = {affine transformations, automatic parallelization, locality optimization, loop transformations, polyhedral model, tiling},
} 